
@book{adler2010,
  title = {The Geometry of Random Fields},
  author = {Adler, Robert J.},
  year = {2010},
  publisher = {{Soc. for Industrial and Applied Mathematics}},
  address = {{Philadelphia, Pa}},
  isbn = {978-0-89871-693-1},
  langid = {english},
  keywords = {figp-paper1}
}

@article{barath1993,
  title = {The Upper Atmosphere Research Satellite {{Microwave Limb Sounder}} Instrument},
  author = {Barath, F. T. and Chavez, M. C. and Cofield, R. E. and Flower, D. A. and Frerking, M. A. and Gram, M. B. and Harris, W. M. and Holden, J. R. and Jarnot, R. F. and Kloezeman, W. G. and Klose, G. J. and Lau, G. K. and Loo, M. S. and Maddison, B. J. and Mattauch, R. J. and McKinney, R. P. and Peckham, G. E. and Pickett, H. M. and Siebes, G. and Soltis, F. S. and Suttie, R. A. and Tarsala, J. A. and Waters, J. W. and Wilson, W. J.},
  year = {1993},
  journal = {Journal of Geophysical Research},
  volume = {98},
  number = {D6},
  pages = {10751},
  issn = {0148-0227},
  doi = {10/dpr6h4},
  url = {http://doi.wiley.com/10.1029/93JD00798},
  urldate = {2021-12-06},
  langid = {english},
  keywords = {asa2021}
}

@article{bastos2009,
  title = {Diagnostics for {{Gaussian}} Process Emulators},
  author = {Bastos, Leonardo S. and O'Hagan, Anthony},
  year = {2009},
  month = nov,
  journal = {Technometrics},
  volume = {51},
  number = {4},
  pages = {425--438},
  publisher = {{Taylor \& Francis}},
  issn = {0040-1706},
  doi = {10/bw62bq},
  url = {https://doi.org/10.1198/TECH.2009.08019},
  urldate = {2021-12-06},
  keywords = {asa2021,figp-paper2,missing-pdf}
}

@article{bayarri2007,
  title = {A Framework for Validation of Computer Models},
  author = {Bayarri, Maria J. and Berger, James O. and Paulo, Rui and Sacks, Jerry and Cafeo, John A. and Cavendish, James and Lin, Chin-Hsu and Tu, Jian},
  year = {2007},
  month = may,
  journal = {Technometrics},
  volume = {49},
  number = {2},
  pages = {138--154},
  publisher = {{Taylor \& Francis}},
  issn = {0040-1706},
  doi = {10.1198/004017007000000092},
  url = {https://doi.org/10.1198/004017007000000092},
  urldate = {2020-09-15},
  keywords = {prelim22}
}

@article{bayarri2007a,
  title = {Computer Model Validation with Functional Output},
  author = {Bayarri, M. J. and Walsh, D. and Berger, J. O. and Cafeo, J. and {Garcia-Donato}, G. and Liu, F. and Palomo, J. and Parthasarathy, R. J. and Paulo, R. and Sacks, J.},
  year = {2007},
  month = oct,
  journal = {The Annals of Statistics},
  volume = {35},
  number = {5},
  pages = {1874--1906},
  publisher = {{Institute of Mathematical Statistics}},
  issn = {0090-5364, 2168-8966},
  doi = {10/djnzbw},
  url = {https://projecteuclid.org/journals/annals-of-statistics/volume-35/issue-5/Computer-model-validation-with-functional-output/10.1214/009053607000000163.full},
  urldate = {2021-08-23},
  keywords = {figp-paper1}
}

@article{betancourt2016,
  title = {Diagnosing Suboptimal Cotangent Disintegrations in {{Hamiltonian Monte Carlo}}},
  author = {Betancourt, Michael},
  year = {2016},
  month = apr,
  journal = {arXiv:1604.00695 [stat]},
  eprint = {1604.00695},
  eprinttype = {arxiv},
  primaryclass = {stat},
  url = {http://arxiv.org/abs/1604.00695},
  urldate = {2021-11-29},
  archiveprefix = {arXiv},
  keywords = {asa2021}
}

@article{betancourt2020,
  title = {Gaussian Process Metamodeling of Functional-Input Code for Coastal Flood Hazard Assessment},
  author = {Betancourt, Jos{\'e} and Bachoc, Fran{\c c}ois and Klein, Thierry and Idier, D{\'e}borah and Pedreros, Rodrigo and Rohmer, J{\'e}r{\'e}my},
  year = {2020},
  month = jun,
  journal = {Reliability Engineering \& System Safety},
  volume = {198},
  pages = {106870},
  issn = {09518320},
  doi = {10/gmj998},
  url = {https://linkinghub.elsevier.com/retrieve/pii/S0951832019301693},
  urldate = {2021-08-23},
  langid = {english},
  keywords = {figp-paper1}
}

@unpublished{betancourt2020a,
  title = {Gaussian Process Regression for Scalar and Functional Inputs with {{funGp}} - the in-Depth Tour},
  author = {Betancourt, Jos{\'e} Daniel and Bachoc, Fran{\c c}ois and Klein, Thierry},
  year = {2020},
  month = apr,
  url = {https://hal.archives-ouvertes.fr/hal-02536624},
  urldate = {2021-08-23},
  keywords = {figp-paper1}
}

@article{boesch2017,
  title = {Orbiting {{Carbon Observatory-2}} ({{OCO-2}})},
  author = {Boesch, Hartmut and Brown, Linda and Castano, Rebecca and Christi, Mathew and Connor, Brian and Crisp, David and Eldering, Annmarie and Fisher, Brendan and Frankenberg, Christian and Gunson, Michael and Granat, Robert and McDuffie, James and Miller, Charles and Natraj, Vijay and O'Brien, Denis and O'Dell, Chris and Osterman, Gregory and Oyafuso, Fabiano and Payne, Vivienne and Polonski, Igor and Smyth, Mike and Spurr, Rob and Thompson, David and Toon, Geoff},
  year = {2017},
  pages = {88},
  langid = {english},
  keywords = {figp-paper1,UQbreakout21}
}

@article{braverman2021,
  title = {Post Hoc Uncertainty Quantification for Remote Sensing Observing Systems},
  author = {Braverman, Amy and Hobbs, Jonathan and Teixeira, Joaquim and Gunson, Michael},
  year = {2021},
  month = jan,
  journal = {SIAM/ASA Journal on Uncertainty Quantification},
  volume = {9},
  number = {3},
  pages = {1064--1093},
  issn = {2166-2525},
  doi = {10/gm2gd2},
  url = {https://epubs.siam.org/doi/10.1137/19M1304283},
  urldate = {2021-10-05},
  langid = {english},
  keywords = {UQbreakout21}
}

@article{breiman2001,
  title = {Random Forests},
  author = {Breiman, Leo},
  year = {2001},
  journal = {Machine Learning},
  volume = {45},
  number = {1},
  pages = {5--32},
  issn = {08856125},
  doi = {10/d8zjwq},
  url = {http://link.springer.com/10.1023/A:1010933404324},
  urldate = {2021-12-29},
  keywords = {utch2022}
}

@book{brooks2011,
  title = {Handbook of Markov Chain Monte Carlo},
  author = {Brooks, Steve},
  year = {2011},
  url = {https://doi.org/10.1201/b10905},
  urldate = {2022-02-21},
  isbn = {9781420079425 9780429138508 9781283257282 9786613257284},
  langid = {english},
  keywords = {prelim22}
}

@article{brynjarsdottir2018,
  title = {Optimal {{Estimation Versus MCMC}} for {{CO2 Retrievals}}},
  author = {Brynjarsdottir, Jenny and Hobbs, Jonathan and Braverman, Amy and Mandrake, Lukas},
  year = {2018},
  month = jun,
  journal = {Journal of Agricultural, Biological and Environmental Statistics},
  volume = {23},
  number = {2},
  pages = {297--316},
  issn = {1085-7117, 1537-2693},
  doi = {10.1007/s13253-018-0319-8},
  url = {http://link.springer.com/10.1007/s13253-018-0319-8},
  urldate = {2022-06-08},
  langid = {english},
  keywords = {figp-paper1}
}

@article{campbell2006,
  title = {Sensitivity Analysis When Model Outputs Are Functions},
  author = {Campbell, Katherine and McKay, Michael D. and Williams, Brian J.},
  year = {2006},
  month = oct,
  journal = {Reliability Engineering \& System Safety},
  series = {The {{Fourth International Conference}} on {{Sensitivity Analysis}} of {{Model Output}} ({{SAMO}} 2004)},
  volume = {91},
  number = {10},
  pages = {1468--1472},
  issn = {0951-8320},
  doi = {10/bg3gtc},
  url = {https://www.sciencedirect.com/science/article/pii/S0951832005002565},
  urldate = {2021-08-23},
  langid = {english},
  keywords = {figp-paper1,prelim22}
}

@article{carvalho2010,
  title = {The Horseshoe Estimator for Sparse Signals},
  author = {Carvalho, C. M. and Polson, N. G. and Scott, J. G.},
  year = {2010},
  month = jun,
  journal = {Biometrika},
  volume = {97},
  number = {2},
  pages = {465--480},
  issn = {0006-3444, 1464-3510},
  doi = {10.1093/biomet/asq017},
  url = {https://academic.oup.com/biomet/article-lookup/doi/10.1093/biomet/asq017},
  urldate = {2022-09-19},
  langid = {english},
  keywords = {figp-paper2}
}

@article{chen2021,
  title = {Function-on-Function Kriging, with Applications to Three-Dimensional Printing of Aortic Tissues},
  author = {Chen, Jialei and Mak, Simon and Joseph, V. Roshan and Zhang, Chuck},
  year = {2021},
  month = jul,
  journal = {Technometrics},
  volume = {63},
  number = {3},
  pages = {384--395},
  issn = {0040-1706, 1537-2723},
  doi = {10/gmkbhs},
  url = {https://www.tandfonline.com/doi/full/10.1080/00401706.2020.1801255},
  urldate = {2021-08-23},
  langid = {english},
  keywords = {figp-paper1}
}

@book{cressie1993,
  title = {Statistics for Spatial Data},
  author = {Cressie, Noel A. C.},
  year = {1993},
  month = sep,
  publisher = {{John Wiley \& Sons, Inc.}},
  doi = {10.1002/9781119115151},
  keywords = {figp-paper1,ibex-paper1,ibex-tto1}
}

@article{currin1991,
  title = {Bayesian Prediction of Deterministic Functions, with Applications to the Design and Analysis of Computer Experiments},
  author = {Currin, Carla and Mitchell, Toby and Morris, Max and Ylvisaker, Don},
  year = {1991},
  month = dec,
  journal = {Journal of the American Statistical Association},
  volume = {86},
  number = {416},
  pages = {953--963},
  publisher = {{Taylor \& Francis}},
  issn = {0162-1459},
  doi = {10/ggktqx},
  url = {https://www.tandfonline.com/doi/abs/10.1080/01621459.1991.10475138},
  urldate = {2020-09-15},
  keywords = {figp-paper1,prelim22}
}

@article{damiano2022,
  title = {Automatic {{Dynamic Relevance Determination}} for {{Gaussian}} Process Regression with High-Dimensional Functional Inputs},
  author = {Damiano, Luis and Johnson, Margaret and Teixeira, Joaquim and Morris, Max D. and Niemi, Jarad},
  year = {2022},
  publisher = {{arXiv}},
  doi = {10.48550/ARXIV.2209.00044},
  url = {https://arxiv.org/abs/2209.00044},
  urldate = {2022-09-09},
  copyright = {Creative Commons Attribution 4.0 International},
  keywords = {figp-paper2,sposito-award}
}

@inproceedings{damianou2013,
  title = {Deep {{Gaussian}} Processes},
  booktitle = {Artificial {{Intelligence}} and {{Statistics}}},
  author = {Damianou, Andreas and Lawrence, Neil},
  year = {2013},
  month = apr,
  pages = {207--215},
  publisher = {{PMLR}},
  issn = {1938-7228},
  url = {http://proceedings.mlr.press/v31/damianou13a.html},
  urldate = {2020-09-18},
  langid = {english},
  keywords = {asa2021}
}

@article{datta2016,
  title = {Hierarchical Nearest-Neighbor {{Gaussian}} Process Models for Large Geostatistical Datasets},
  author = {Datta, Abhirup and Banerjee, Sudipto and Finley, Andrew O. and Gelfand, Alan E.},
  year = {2016},
  month = apr,
  journal = {Journal of the American Statistical Association},
  volume = {111},
  number = {514},
  pages = {800--812},
  issn = {0162-1459, 1537-274X},
  doi = {10/f82cxj},
  url = {https://www.tandfonline.com/doi/full/10.1080/01621459.2015.1044091},
  urldate = {2021-12-15},
  langid = {english},
  keywords = {asa2021,ibex-paper1}
}

@article{deboor1974,
  title = {Splines with {{Nonnegative B-Spline Coefficients}}},
  author = {{de Boor}, C. and Daniel, James W.},
  year = {1974},
  month = apr,
  journal = {Mathematics of Computation},
  volume = {28},
  number = {126},
  pages = {565},
  issn = {00255718},
  doi = {10.2307/2005928},
  url = {https://www.jstor.org/stable/2005928?origin=crossref},
  urldate = {2022-09-01},
  keywords = {figp-paper2}
}

@phdthesis{duvenaud2014,
  type = {Thesis},
  title = {Automatic Model Construction with {{Gaussian}} Processes},
  author = {Duvenaud, David},
  year = {2014},
  month = nov,
  doi = {10.17863/CAM.14087},
  url = {https://www.repository.cam.ac.uk/handle/1810/247281},
  urldate = {2020-10-28},
  copyright = {Attribution-ShareAlike 2.0 UK: England \& Wales},
  langid = {english},
  school = {University of Cambridge},
  keywords = {figp-paper1}
}

@article{fisher2019,
  title = {All Models Are Wrong, but Many Are Useful: Learning a Variable's Importance by Studying an Entire Class of Prediction Models Simultaneously},
  shorttitle = {All Models Are Wrong, but Many Are Useful},
  author = {Fisher, Aaron and Rudin, Cynthia and Dominici, Francesca},
  year = {2019},
  journal = {Journal of machine learning research: JMLR},
  volume = {20},
  pages = {177},
  issn = {1532-4435},
  langid = {english},
  pmcid = {PMC8323609},
  pmid = {34335110},
  keywords = {utch2022}
}

@article{fruth2015,
  title = {Sequential Designs for Sensitivity Analysis of Functional Inputs in Computer Experiments},
  author = {Fruth, J. and Roustant, O. and Kuhnt, S.},
  year = {2015},
  month = feb,
  journal = {Reliability Engineering \& System Safety},
  volume = {134},
  pages = {260--267},
  issn = {0951-8320},
  doi = {10/f6w37d},
  url = {http://www.sciencedirect.com/science/article/pii/S0951832014001732},
  urldate = {2020-09-15},
  langid = {english},
  keywords = {figp-paper1}
}

@techreport{geweke1991,
  title = {Evaluating the Accuracy of Sampling-Based Approaches to the Calculation of Posterior Moments},
  author = {Geweke, John F.},
  year = {1991},
  journal = {Staff Report},
  number = {148},
  institution = {{Federal Reserve Bank of Minneapolis}},
  url = {https://ideas.repec.org/p/fip/fedmsr/148.html},
  urldate = {2022-03-11},
  langid = {english},
  keywords = {figp-paper1,figp-paper2}
}

@article{gneiting2005,
  title = {Calibrated Probabilistic Forecasting Using Ensemble Model Output Statistics and Minimum {{CRPS}} Estimation},
  author = {Gneiting, Tilmann and Raftery, Adrian E. and Westveld, Anton H. and Goldman, Tom},
  year = {2005},
  month = may,
  journal = {Monthly Weather Review},
  volume = {133},
  number = {5},
  pages = {1098--1118},
  issn = {1520-0493, 0027-0644},
  doi = {10/brh4p8},
  url = {http://journals.ametsoc.org/doi/10.1175/MWR2904.1},
  urldate = {2021-11-30},
  langid = {english},
  keywords = {asa2021}
}

@article{gneiting2007,
  title = {Strictly Proper Scoring Rules, Prediction, and Estimation},
  author = {Gneiting, Tilmann and Raftery, Adrian E},
  year = {2007},
  month = mar,
  journal = {Journal of the American Statistical Association},
  volume = {102},
  number = {477},
  pages = {359--378},
  issn = {0162-1459, 1537-274X},
  doi = {10/c6758w},
  url = {http://www.tandfonline.com/doi/abs/10.1198/016214506000001437},
  urldate = {2021-12-12},
  langid = {english},
  keywords = {asa2021,figp-paper2}
}

@article{gramacy2015,
  title = {Local {{Gaussian}} Process Approximation for Large Computer Experiments},
  author = {Gramacy, Robert B. and Apley, Daniel W.},
  year = {2015},
  month = apr,
  journal = {Journal of Computational and Graphical Statistics},
  volume = {24},
  number = {2},
  pages = {561--578},
  publisher = {{Taylor \& Francis}},
  issn = {1061-8600},
  doi = {10/gktngq},
  url = {https://doi.org/10.1080/10618600.2014.914442},
  urldate = {2021-06-25},
  keywords = {asa2021}
}

@book{gramacy2020,
  title = {Surrogates: {{Gaussian}} Process Modeling, Design and Optimization for the Applied Sciences},
  author = {Gramacy, Robert B.},
  year = {2020},
  publisher = {{Chapman Hall/CRC}},
  address = {{Boca Raton, Florida}},
  isbn = {978-0-367-41542-6},
  keywords = {figp-paper1,prelim22}
}

@article{happ2018,
  title = {Multivariate {{Functional Principal Component Analysis}} for {{Data Observed}} on {{Different}} ({{Dimensional}}) {{Domains}}},
  author = {Happ, Clara and Greven, Sonja},
  year = {2018},
  month = apr,
  journal = {Journal of the American Statistical Association},
  volume = {113},
  number = {522},
  pages = {649--659},
  issn = {0162-1459, 1537-274X},
  doi = {10.1080/01621459.2016.1273115},
  url = {https://www.tandfonline.com/doi/full/10.1080/01621459.2016.1273115},
  urldate = {2022-03-22},
  langid = {english},
  keywords = {figp-paper1}
}

@article{higdon2008,
  title = {Computer Model Calibration Using High-Dimensional Output},
  author = {Higdon, Dave and Gattiker, James and Williams, Brian and Rightley, Maria},
  year = {2008},
  month = jun,
  journal = {Journal of the American Statistical Association},
  volume = {103},
  number = {482},
  pages = {570--583},
  publisher = {{Taylor \& Francis}},
  issn = {0162-1459},
  doi = {10.1198/016214507000000888},
  url = {https://doi.org/10.1198/016214507000000888},
  urldate = {2020-09-15},
  keywords = {figp-paper1,prelim22}
}

@article{higdon2008a,
  title = {A Bayesian Calibration Approach to the Thermal Problem},
  author = {Higdon, Dave and Nakhleh, Charles and Gattiker, James and Williams, Brian},
  year = {2008},
  month = may,
  journal = {Computer Methods in Applied Mechanics and Engineering},
  series = {Validation {{Challenge Workshop}}},
  volume = {197},
  number = {29},
  pages = {2431--2441},
  issn = {0045-7825},
  doi = {10.1016/j.cma.2007.05.031},
  url = {http://www.sciencedirect.com/science/article/pii/S0045782507005087},
  urldate = {2020-09-15},
  langid = {english},
  keywords = {prelim22}
}

@article{hobbs2017,
  title = {Simulation-Based Uncertainty Quantification for Estimating Atmospheric {{CO2}} from Satellite Data},
  author = {Hobbs, Jonathan and Braverman, Amy and Cressie, Noel and Granat, Robert and Gunson, Michael},
  year = {2017},
  month = jan,
  journal = {SIAM/ASA Journal on Uncertainty Quantification},
  volume = {5},
  number = {1},
  pages = {956--985},
  issn = {2166-2525},
  doi = {10/gc33qp},
  url = {https://epubs.siam.org/doi/10.1137/16M1060765},
  urldate = {2021-09-03},
  langid = {english},
  keywords = {asa2021,figp-paper1,UQbreakout21}
}

@misc{hoffman2014,
  title = {The {{No-U-Turn Sampler}}: Adaptively Setting Path Lengths in {{Hamiltonian Monte Carlo}}},
  shorttitle = {The No-{{U-turn}} Sampler},
  author = {Hoffman, Matthew D. and Gelman, Andrew},
  year = {2014},
  keywords = {asa2021,figp-paper2,prelim22}
}

@article{hooker2021,
  title = {Unrestricted Permutation Forces Extrapolation: Variable Importance Requires at Least One More Model, or There Is No Free Variable Importance},
  shorttitle = {Unrestricted Permutation Forces Extrapolation},
  author = {Hooker, Giles and Mentch, Lucas and Zhou, Siyu},
  year = {2021},
  month = oct,
  journal = {arXiv:1905.03151 [cs, stat]},
  eprint = {1905.03151},
  eprinttype = {arxiv},
  primaryclass = {cs, stat},
  url = {http://arxiv.org/abs/1905.03151},
  urldate = {2021-12-29},
  archiveprefix = {arXiv},
  keywords = {icml2022,utch2022}
}

@article{iooss2009,
  title = {Global Sensitivity Analysis of Computer Models with Functional Inputs},
  author = {Iooss, Bertrand and Ribatet, Mathieu},
  year = {2009},
  month = jul,
  journal = {Reliability Engineering \& System Safety},
  volume = {94},
  number = {7},
  pages = {1194--1204},
  issn = {09518320},
  doi = {10/bb7msw},
  url = {https://linkinghub.elsevier.com/retrieve/pii/S0951832008002299},
  urldate = {2021-08-23},
  langid = {english},
  keywords = {figp-paper1}
}

@misc{johnson2020,
  title = {Forward Model Emulation for {{NASA}}'s {{Microwave Limb Sounder}}},
  author = {Johnson, Margaret and Teixeira, Joaquim and Livesey, Nathaniel and Braverman, Amy},
  year = {2020},
  month = aug,
  address = {{Virtual}},
  keywords = {asa2021,figp-paper1,UQbreakout21}
}

@article{jones1998,
  title = {Efficient Global Optimization of Expensive Black-Box Functions},
  author = {Jones, Donald R. and Schonlau, Matthias and Welch, William J.},
  year = {1998},
  month = dec,
  journal = {Journal of Global Optimization},
  volume = {13},
  number = {4},
  pages = {455--492},
  issn = {1573-2916},
  doi = {10/fg68nc},
  url = {https://doi.org/10.1023/A:1008306431147},
  urldate = {2020-09-18},
  langid = {english},
  keywords = {figp-paper1,prelim22}
}

@article{katzfuss2021,
  title = {A General Framework for Vecchia Approximations of Gaussian Processes},
  author = {Katzfuss, Matthias and Guinness, Joseph},
  year = {2021},
  month = feb,
  journal = {Statistical Science},
  volume = {36},
  number = {1},
  eprint = {1708.06302},
  eprinttype = {arxiv},
  issn = {0883-4237},
  doi = {10/gn7jh9},
  url = {http://arxiv.org/abs/1708.06302},
  urldate = {2022-01-20},
  archiveprefix = {arXiv},
  keywords = {figp-paper1,ibex-paper1}
}

@article{kennedy2001,
  title = {Bayesian Calibration of Computer Models},
  author = {Kennedy, Marc C. and O'Hagan, Anthony},
  year = {2001},
  journal = {Journal of the Royal Statistical Society: Series B (Statistical Methodology)},
  volume = {63},
  number = {3},
  pages = {425--464},
  issn = {13697412},
  doi = {10/b3q4t2},
  url = {https://onlinelibrary.wiley.com/doi/10.1111/1467-9868.00294},
  urldate = {2021-08-23},
  langid = {english},
  keywords = {figp-paper1}
}

@incollection{koehler1996,
  title = {9 {{Computer}} Experiments},
  booktitle = {Handbook of {{Statistics}}},
  author = {Koehler, J.R. and Owen, A.B.},
  year = {1996},
  volume = {13},
  pages = {261--308},
  publisher = {{Elsevier}},
  doi = {10.1016/S0169-7161(96)13011-X},
  url = {https://linkinghub.elsevier.com/retrieve/pii/S016971619613011X},
  urldate = {2021-08-23},
  isbn = {978-0-444-82061-7},
  langid = {english},
  keywords = {figp-paper1,missing-pdf,prelim22}
}

@article{kuttubekova2019,
  title = {Emulator for Water Erosion Prediction Project Computer Model Using Gaussian Processes with Functional Inputs},
  author = {Kuttubekova, Gulzina},
  year = {2019},
  month = jan,
  journal = {Creative Components},
  url = {https://lib.dr.iastate.edu/creativecomponents/325},
  keywords = {figp-paper1}
}

@article{lamminpaa2019,
  title = {Accelerated {{MCMC}} for {{Satellite-Based Measurements}} of {{Atmospheric CO2}}},
  author = {Lamminp{\"a}{\"a}, Otto and Hobbs, Jonathan and Brynjarsd{\'o}ttir, Jenn{\'y} and Laine, Marko and Braverman, Amy and Lindqvist, Hannakaisa and Tamminen, Johanna},
  year = {2019},
  month = sep,
  journal = {Remote Sensing},
  volume = {11},
  number = {17},
  pages = {2061},
  issn = {2072-4292},
  doi = {10.3390/rs11172061},
  url = {https://www.mdpi.com/2072-4292/11/17/2061},
  urldate = {2022-06-08},
  langid = {english},
  keywords = {figp-paper1}
}

@article{li2021,
  title = {A {{Gaussian}} Process Emulator Based Approach for {{Bayesian}} Calibration of a Functional Input},
  author = {Li, Zhaohui and Tan, Matthias Hwai Yong},
  year = {2021},
  month = oct,
  journal = {Technometrics},
  pages = {1--13},
  issn = {0040-1706, 1537-2723},
  doi = {10.1080/00401706.2021.1971567},
  url = {https://www.tandfonline.com/doi/full/10.1080/00401706.2021.1971567},
  urldate = {2022-04-06},
  langid = {english},
  keywords = {figp-paper1}
}

@misc{liversey2020,
  title = {Earth {{Observing System}} ({{EOS}}) {{Aura Microwave Limb Sounder}} ({{MLS}}) Version 5.0x Level 2 and 3 Data Quality and Description Document},
  author = {Livesey, Nathaniel J. and Read, William G. and Wagner, Paul A. and Froidevaux, Lucien and Santee, Michelle L. and Schwartz, Michael J. and Lambert, Alyn and Valle, Luis F. Mill{\'a}n and Pumphrey, Hugh C. and Manney, Gloria L. and Fuller, Ryan A. and Jarnot, Robert F. and Knosp, Brian W. and Lay, Richard R.},
  year = {2020},
  month = jun,
  url = {https://mls.jpl.nasa.gov/data/v5-0_data_quality_document.pdf},
  urldate = {2021-12-14},
  keywords = {asa2021}
}

@article{livesey2006,
  title = {Retrieval Algorithms for the {{EOS Microwave Limb Sounder}} ({{MLS}})},
  author = {Livesey, N.J. and Van Snyder, W. and Read, W.G. and Wagner, P.A.},
  year = {2006},
  month = may,
  journal = {IEEE Transactions on Geoscience and Remote Sensing},
  volume = {44},
  number = {5},
  pages = {1144--1155},
  issn = {0196-2892, 1558-0644},
  doi = {10.1109/TGRS.2006.872327},
  url = {https://ieeexplore.ieee.org/document/1624595/},
  urldate = {2022-03-07},
  keywords = {figp-paper1}
}

@article{loeppky2009,
  ids = {Schulte2017,janssenNewGenerationAgricultural2017,janssenNewGenerationAgricultural2017a,janssenNewGenerationAgricultural2017b,loeppkyChoosingSampleSize2009a,muehlenstaedtComputerExperimentsFunctional2017,muehlenstaedtComputerExperimentsFunctional2017a,roseInvolvingStakeholdersAgricultural2018,roseInvolvingStakeholdersAgricultural2018a,schultePrairieStripsImprove2017},
  title = {Choosing the Sample Size of a Computer Experiment: {{A}} Practical Guide},
  shorttitle = {Choosing the Sample Size of a Computer Experiment},
  author = {Loeppky, Jason L. and Sacks, Jerome and Welch, William J.},
  year = {2009},
  month = nov,
  journal = {Technometrics},
  volume = {51},
  number = {4},
  pages = {366--376},
  publisher = {{Taylor \& Francis}},
  issn = {0040-1706},
  doi = {10.1198/TECH.2009.08040},
  url = {https://amstat.tandfonline.com/doi/abs/10.1198/TECH.2009.08040},
  urldate = {2020-09-15},
  chapter = {Biological Sciences},
  pmid = {28973922},
  keywords = {prelim22}
}

@article{ma2021,
  title = {Computer Model Emulation with High-Dimensional Functional Output in Large-Scale Observing System Uncertainty Experiments},
  author = {Ma, Pulong and Mondal, Anirban and Konomi, Bledar A. and Hobbs, Jonathan and Song, Joon Jin and Kang, Emily L.},
  year = {2021},
  month = mar,
  journal = {Technometrics},
  volume = {0},
  number = {0},
  pages = {1--15},
  publisher = {{Taylor \& Francis}},
  issn = {0040-1706},
  doi = {10/gkcsdg},
  url = {https://doi.org/10.1080/00401706.2021.1895890},
  urldate = {2021-06-03},
  keywords = {asa2021,figp-paper1,UQbreakout21}
}

@incollection{mackay1996,
  title = {Bayesian Non-Linear Modeling for the Prediction Competition},
  booktitle = {Maximum {{Entropy}} and {{Bayesian Methods}}},
  author = {MacKay, David J. C.},
  editor = {Heidbreder, Glenn R.},
  year = {1996},
  pages = {221--234},
  publisher = {{Springer Netherlands}},
  address = {{Dordrecht}},
  doi = {10.1007/978-94-015-8729-7_18},
  url = {http://link.springer.com/10.1007/978-94-015-8729-7_18},
  urldate = {2022-05-04},
  isbn = {978-90-481-4407-5 978-94-015-8729-7},
  langid = {english},
  keywords = {figp-paper1}
}

@article{morris2012,
  title = {Gaussian Surrogates for Computer Models with Time-Varying Inputs and Outputs},
  author = {Morris, Max D.},
  year = {2012},
  month = feb,
  journal = {Technometrics},
  volume = {54},
  number = {1},
  pages = {42--50},
  publisher = {{Taylor \& Francis}},
  issn = {0040-1706},
  doi = {10/ghbnds},
  url = {https://doi.org/10.1080/00401706.2012.648870},
  urldate = {2020-09-15},
  keywords = {asa2021,figp-paper1,figp-paper2,UQbreakout21}
}

@article{morris2018,
  title = {Decomposing Functional Model Inputs for Variance-Based Sensitivity Analysis},
  author = {Morris, Max D.},
  year = {2018},
  month = jan,
  journal = {SIAM/ASA Journal on Uncertainty Quantification},
  volume = {6},
  number = {4},
  pages = {1584--1599},
  publisher = {{Society for Industrial and Applied Mathematics}},
  doi = {10/ghbnd7},
  url = {https://epubs-siam-org.eu1.proxy.openathens.net/doi/abs/10.1137/18M1173058},
  urldate = {2020-09-15},
  keywords = {prelim22}
}

@article{muehlenstaedt2017,
  title = {Computer Experiments with Functional Inputs and Scalar Outputs by a Norm-Based Approach},
  author = {Muehlenstaedt, Thomas and Fruth, Jana and Roustant, Olivier},
  year = {2017},
  month = jul,
  journal = {Statistics and Computing},
  volume = {27},
  number = {4},
  pages = {1083--1097},
  issn = {0960-3174, 1573-1375},
  doi = {10/ghbndr},
  url = {http://link.springer.com/10.1007/s11222-016-9672-z},
  urldate = {2021-02-03},
  langid = {english},
  keywords = {figp-paper1,figp-paper2}
}

@article{nanty2016,
  title = {Sampling, Metamodeling, and Sensitivity Analysis of Numerical Simulators with Functional Stochastic Inputs},
  author = {Nanty, Simon and Helbert, C{\'e}line and Marrel, Amandine and P{\'e}rot, Nadia and Prieur, Cl{\'e}mentine},
  year = {2016},
  month = jan,
  journal = {SIAM/ASA Journal on Uncertainty Quantification},
  volume = {4},
  number = {1},
  pages = {636--659},
  issn = {2166-2525},
  doi = {10/gmkbbf},
  url = {http://epubs.siam.org/doi/10.1137/15M1033319},
  urldate = {2021-08-23},
  langid = {english},
  keywords = {figp-paper1}
}

@book{neal1996,
  title = {Bayesian Learning for Neural Networks},
  author = {Neal, Radford M.},
  year = {1996},
  series = {Lecture {{Notes}} in {{Statistics}}},
  volume = {118},
  publisher = {{Springer New York}},
  address = {{New York, NY}},
  doi = {10.1007/978-1-4612-0745-0},
  url = {http://link.springer.com/10.1007/978-1-4612-0745-0},
  urldate = {2021-05-18},
  isbn = {978-0-387-94724-2 978-1-4612-0745-0},
  langid = {english},
  keywords = {asa2021,figp-paper1,prelim22}
}

@article{nicodemus2010,
  title = {The Behaviour of Random Forest Permutation-Based Variable Importance Measures under Predictor Correlation},
  author = {Nicodemus, Kristin K and Malley, James D and Strobl, Carolin and Ziegler, Andreas},
  year = {2010},
  month = dec,
  journal = {BMC Bioinformatics},
  volume = {11},
  number = {1},
  pages = {110},
  issn = {1471-2105},
  doi = {10/dj3v4r},
  url = {https://bmcbioinformatics.biomedcentral.com/articles/10.1186/1471-2105-11-110},
  urldate = {2022-01-06},
  langid = {english},
  keywords = {icml2022}
}

@incollection{ohagan1992,
  title = {Some {{Bayesian}} Numerical Analysis},
  booktitle = {Bayesian Statistics. 4},
  author = {O'Hagan, A.},
  editor = {Bernardo, Jos{\'e} M.},
  year = {1992},
  pages = {345--363},
  publisher = {{Oxford University Press}},
  issn = {0959-2083},
  url = {https://catalog.libraries.psu.edu/catalog/1874146},
  isbn = {978-0-19-852266-9},
  langid = {english},
  keywords = {figp-paper1,prelim22}
}

@inproceedings{piironen2016,
  title = {Projection Predictive Model Selection for {{Gaussian}} Processes},
  booktitle = {2016 {{IEEE}} 26th {{International Workshop}} on {{Machine Learning}} for {{Signal Processing}} ({{MLSP}})},
  author = {Piironen, Juho and Vehtari, Aki},
  year = {2016},
  month = sep,
  pages = {1--6},
  doi = {10/ggkqnt},
  keywords = {asa2021,figp-paper1,UQbreakout21}
}

@article{raftery1992,
  title = {[{{Practical Markov}} Chain {{Monte Carlo}}]: {{Comment}}: One Long Run with Diagnostics: Implementation Strategies for {{Markov}} Chain {{Monte Carlo}}},
  shorttitle = {[Practical Markov Chain Monte Carlo]},
  author = {Raftery, Adrian E. and Lewis, Steven M.},
  year = {1992},
  month = nov,
  journal = {Statistical Science},
  volume = {7},
  number = {4},
  issn = {0883-4237},
  doi = {10.1214/ss/1177011143},
  url = {https://projecteuclid.org/journals/statistical-science/volume-7/issue-4/Practical-Markov-Chain-Monte-Carlo--Comment--One-Long/10.1214/ss/1177011143.full},
  urldate = {2022-05-02},
  keywords = {figp-paper1,figp-paper2,prelim22}
}

@book{ramsay2005,
  ids = {ramsay2005a},
  title = {Functional Data Analysis},
  author = {Ramsay, J. O. and Silverman, B. W.},
  year = {2005},
  series = {Springer {{Series}} in {{Statistics}}},
  publisher = {{Springer New York}},
  address = {{New York, NY}},
  doi = {10.1007/b98888},
  url = {http://link.springer.com/10.1007/b98888},
  urldate = {2021-10-22},
  isbn = {978-0-387-40080-8 978-0-387-22751-1},
  langid = {english},
  keywords = {asa2021,figp-paper2}
}

@book{rasmussen2006,
  title = {Gaussian Processes for Machine Learning},
  author = {Rasmussen, Carl Edward and Williams, Christopher K. I.},
  year = {2006},
  series = {Adaptive Computation and Machine Learning},
  publisher = {{MIT Press}},
  address = {{Cambridge, Mass}},
  isbn = {978-0-262-18253-9},
  keywords = {figp-paper1,ibex-paper1}
}

@article{read2006,
  title = {The Clear-Sky Unpolarized Forward Model for the {{EOS}} Aura {{Microwave Limb Sounder}} ({{MLS}})},
  author = {Read, W.G. and Shippony, Z. and Schwartz, M.J. and Livesey, N.J. and Van Snyder, W.},
  year = {2006},
  month = may,
  journal = {IEEE Transactions on Geoscience and Remote Sensing},
  volume = {44},
  number = {5},
  pages = {1367--1379},
  issn = {0196-2892, 1558-0644},
  doi = {10.1109/TGRS.2006.873233},
  url = {https://ieeexplore.ieee.org/document/1624616/},
  urldate = {2022-02-23},
  keywords = {figp-paper1}
}

@book{rodgers2008,
  title = {Inverse Methods for Atmospheric Sounding: Theory and Practice},
  shorttitle = {Inverse Methods for Atmospheric Sounding},
  author = {Rodgers, Clive D.},
  year = {2008},
  series = {Series on Atmospheric, Oceanic and Planetary Physics},
  edition = {Repr},
  number = {2},
  publisher = {{World Scientific}},
  address = {{Singapore}},
  isbn = {978-981-02-2740-1},
  langid = {english},
  keywords = {figp-paper1,UQbreakout21}
}

@article{sacks1989,
  title = {Design and Analysis of Computer Experiments},
  author = {Sacks, Jerome and Welch, William J. and Mitchell, Toby J. and Wynn, Henry P.},
  year = {1989},
  month = nov,
  journal = {Statistical Science},
  volume = {4},
  number = {4},
  pages = {409--423},
  publisher = {{Institute of Mathematical Statistics}},
  issn = {0883-4237, 2168-8745},
  doi = {10/fn276g},
  url = {http://projecteuclid.org/euclid.ss/1177012413},
  urldate = {2020-09-15},
  langid = {english},
  mrnumber = {MR1041765},
  zmnumber = {0955.62619},
  keywords = {figp-paper1,prelim22}
}

@article{sacks1989a,
  title = {Designs for Computer Experiments},
  author = {Sacks, Jerome and Schiller, Susannah B. and Welch, William J.},
  year = {1989},
  journal = {Technometrics},
  volume = {31},
  number = {1},
  pages = {41--47},
  publisher = {{[Taylor \& Francis, Ltd., American Statistical Association, American Society for Quality]}},
  issn = {0040-1706},
  doi = {10/b89bk4},
  url = {https://www.jstor.org/stable/1270363},
  urldate = {2021-08-23},
  keywords = {figp-paper1}
}

@book{santner2003,
  title = {The {{Design}} and {{Analysis}} of {{Computer Experiments}}},
  author = {Santner, Thomas J. and Williams, Brian J. and Notz, William I.},
  year = {2003},
  series = {Springer {{Series}} in {{Statistics}}},
  publisher = {{Springer New York}},
  address = {{New York, NY}},
  doi = {10.1007/978-1-4757-3799-8},
  url = {http://link.springer.com/10.1007/978-1-4757-3799-8},
  urldate = {2022-09-26},
  isbn = {978-1-4419-2992-1 978-1-4757-3799-8},
  keywords = {prelim22}
}

@book{santner2018,
  title = {The Design and Analysis of Computer Experiments},
  author = {Santner, Thomas J. and Williams, Brian J. and Notz, William I.},
  year = {2018},
  series = {Springer {{Series}} in {{Statistics}}},
  publisher = {{Springer New York}},
  address = {{New York, NY}},
  doi = {10.1007/978-1-4939-8847-1},
  url = {http://link.springer.com/10.1007/978-1-4939-8847-1},
  urldate = {2022-03-14},
  isbn = {978-1-4939-8845-7 978-1-4939-8847-1},
  keywords = {figp-paper1,prelim22}
}

@article{sauer2022,
  title = {Vecchia-Approximated {{Deep Gaussian}} Processes for Computer Experiments},
  author = {Sauer, Annie and Cooper, Andrew and Gramacy, Robert B.},
  year = {2022},
  publisher = {{arXiv}},
  doi = {10.48550/ARXIV.2204.02904},
  url = {https://arxiv.org/abs/2204.02904},
  urldate = {2022-06-08},
  copyright = {Creative Commons Attribution 4.0 International},
  keywords = {figp-paper1}
}

@article{sauer2022a,
  title = {Active Learning for {{Deep Gaussian}} Process Surrogates},
  author = {Sauer, Annie and Gramacy, Robert B. and Higdon, David},
  year = {2022},
  month = feb,
  journal = {Technometrics},
  pages = {1--15},
  issn = {0040-1706, 1537-2723},
  doi = {10.1080/00401706.2021.2008505},
  url = {https://www.tandfonline.com/doi/full/10.1080/00401706.2021.2008505},
  urldate = {2022-06-08},
  langid = {english},
  keywords = {figp-paper1}
}

@book{schoeneberger2012,
  title = {Field Book for Describing and Sampling Soils},
  editor = {Schoeneberger, Philip J. and Wysocki, D. A. and Benham, E. C. and National Soil Survey Center (U.S.)},
  year = {2012},
  edition = {Version 3.0},
  publisher = {{National Soil Survey Center, Natural Resources Conservation Service, U.S. Department of Agriculture}},
  address = {{Lincoln, Nebraska}},
  isbn = {978-0-16-091542-0},
  keywords = {figp-paper2}
}

@article{schwartz2006,
  title = {{{EOS MLS}} Forward Model Polarized Radiative Transfer for Zeeman-Split Oxygen Lines},
  author = {Schwartz, M.J. and Read, W.G. and Van Snyder, W.},
  year = {2006},
  month = may,
  journal = {IEEE Transactions on Geoscience and Remote Sensing},
  volume = {44},
  number = {5},
  pages = {1182--1191},
  issn = {0196-2892, 1558-0644},
  doi = {10.1109/TGRS.2005.862267},
  url = {https://ieeexplore.ieee.org/document/1624598/},
  urldate = {2022-02-23},
  keywords = {figp-paper1}
}

@book{standevelopmentteam2021,
  title = {Stan Modeling Language Users Guide and Reference Manual, 2.27},
  author = {Stan Development Team},
  year = {2021},
  url = {https://mc-stan.org},
  keywords = {figp-paper1}
}

@article{striegel2022,
  title = {A {{Multifidelity Function-on-Function Model Applied}} to an {{Abdominal Aortic Aneurysm}}},
  author = {Striegel, Christoph and Biehler, Jonas and Wall, Wolfgang A. and Kauermann, G{\"o}ran},
  year = {2022},
  month = jul,
  journal = {Technometrics},
  volume = {64},
  number = {3},
  pages = {279--290},
  issn = {0040-1706, 1537-2723},
  doi = {10.1080/00401706.2021.2024453},
  url = {https://www.tandfonline.com/doi/full/10.1080/00401706.2021.2024453},
  urldate = {2022-10-01},
  langid = {english},
  keywords = {prelim22}
}

@article{strobl2007,
  title = {Bias in Random Forest Variable Importance Measures: Illustrations, Sources and a Solution},
  shorttitle = {Bias in Random Forest Variable Importance Measures},
  author = {Strobl, Carolin and Boulesteix, Anne-Laure and Zeileis, Achim and Hothorn, Torsten},
  year = {2007},
  month = dec,
  journal = {BMC Bioinformatics},
  volume = {8},
  number = {1},
  pages = {25},
  issn = {1471-2105},
  doi = {10/d98p37},
  url = {https://bmcbioinformatics.biomedcentral.com/articles/10.1186/1471-2105-8-25},
  urldate = {2022-01-06},
  langid = {english},
  keywords = {icml2022}
}

@article{strobl2008,
  title = {Conditional Variable Importance for Random Forests},
  author = {Strobl, Carolin and Boulesteix, Anne-Laure and Kneib, Thomas and Augustin, Thomas and Zeileis, Achim},
  year = {2008},
  month = dec,
  journal = {BMC Bioinformatics},
  volume = {9},
  number = {1},
  pages = {307},
  issn = {1471-2105},
  doi = {10/d7p3rw},
  url = {https://bmcbioinformatics.biomedcentral.com/articles/10.1186/1471-2105-9-307},
  urldate = {2022-01-06},
  langid = {english},
  keywords = {icml2022}
}

@article{tan2019,
  title = {Gaussian Process Modeling Using the Principle of Superposition},
  author = {Tan, Matthias H. Y. and Li, Guilin},
  year = {2019},
  month = apr,
  journal = {Technometrics},
  volume = {61},
  number = {2},
  pages = {202--218},
  issn = {0040-1706, 1537-2723},
  doi = {10.1080/00401706.2018.1473799},
  url = {https://www.tandfonline.com/doi/full/10.1080/00401706.2018.1473799},
  urldate = {2022-04-06},
  langid = {english},
  keywords = {figp-paper1}
}

@techreport{turmon2019,
  type = {Technical {{Report}}},
  title = {Uncertainty Quantification for {{JPL}} Retrievals},
  author = {Turmon, Michael and Braverman, Amy},
  year = {2019},
  month = feb,
  institution = {{Pasadena, CA: Jet Propulsion Laboratory, National Aeronautics and Space Administration, 2019}},
  url = {https://trs.jpl.nasa.gov/handle/2014/45978},
  urldate = {2021-10-05},
  langid = {american},
  keywords = {asa2021}
}

@article{vecchia1988,
  title = {Estimation and Model Identification for Continuous Spatial Processes},
  author = {Vecchia, A. V.},
  year = {1988},
  journal = {Journal of the Royal Statistical Society. Series B (Methodological)},
  volume = {50},
  number = {2},
  pages = {297--312},
  publisher = {{[Royal Statistical Society, Wiley]}},
  issn = {0035-9246},
  doi = {10/ggskxz},
  url = {https://www.jstor.org/stable/2345768},
  urldate = {2022-01-20},
  keywords = {figp-paper1,gpcookbook,ibex-paper1}
}

@book{wahba1990,
  title = {Spline Models for Observational Data},
  author = {Wahba, Grace},
  year = {1990},
  month = jan,
  series = {{{CBMS-NSF Regional Conference Series}} in {{Applied Mathematics}}},
  publisher = {{Society for Industrial and Applied Mathematics}},
  doi = {10.1137/1.9781611970128},
  url = {https://epubs.siam.org/doi/book/10.1137/1.9781611970128},
  urldate = {2021-08-13},
  isbn = {978-0-89871-244-5},
  keywords = {figp-paper1}
}

@article{wang2017,
  title = {Gaussian Process Regression with Functional Covariates and Multivariate Response},
  author = {Wang, Bo and Chen, Tao and Xu, Aiping},
  year = {2017},
  month = apr,
  journal = {Chemometrics and Intelligent Laboratory Systems},
  volume = {163},
  pages = {1--6},
  issn = {0169-7439},
  doi = {10/f96b6d},
  url = {http://www.sciencedirect.com/science/article/pii/S0169743917300059},
  urldate = {2021-02-01},
  langid = {english},
  keywords = {figp-paper1}
}

@article{wang2019,
  title = {Gaussian Process Methods for Nonparametric Functional Regression with Mixed Predictors},
  author = {Wang, Bo and Xu, Aiping},
  year = {2019},
  month = mar,
  journal = {Computational Statistics \& Data Analysis},
  volume = {131},
  pages = {80--90},
  issn = {01679473},
  doi = {10/gmkbhc},
  url = {https://linkinghub.elsevier.com/retrieve/pii/S0167947318301750},
  urldate = {2021-08-23},
  langid = {english},
  keywords = {figp-paper1}
}

@article{waters1999,
  title = {The {{UARS}} and {{EOS Microwave Limb Sounder}} ({{MLS}}) Experiments},
  author = {Waters, J. W. and Read, W. G. and Froidevaux, L. and Jarnot, R. F. and Cofield, R. E. and Flower, D. A. and Lau, G. K. and Pickett, H. M. and Santee, M. L. and Wu, D. L. and Boyles, M. A. and Burke, J. R. and Lay, R. R. and Loo, M. S. and Livesey, N. J. and Lungu, T. A. and Manney, G. L. and Nakamura, L. L. and Perun, V. S. and Ridenoure, B. P. and Shippony, Z. and Siegel, P. H. and Thurstans, R. P. and Harwood, R. S. and Pumphrey, H. C. and Filipiak, M. J.},
  year = {1999},
  month = jan,
  journal = {Journal of the Atmospheric Sciences},
  volume = {56},
  number = {2},
  pages = {194--218},
  issn = {0022-4928, 1520-0469},
  doi = {10.1175/1520-0469(1999)056<0194:TUAEML>2.0.CO;2},
  url = {http://journals.ametsoc.org/doi/10.1175/1520-0469(1999)056<0194:TUAEML>2.0.CO;2},
  urldate = {2022-05-05},
  langid = {english},
  keywords = {figp-paper1}
}

@article{waters2006,
  title = {The Earth Observing System {{Microwave Limb Sounder}} ({{EOS MLS}}) on the {{Aura}} Satellite},
  author = {Waters, J.W. and Froidevaux, L. and Harwood, R.S. and Jarnot, R.F. and Pickett, H.M. and Read, W.G. and Siegel, P.H. and Cofield, R.E. and Filipiak, M.J. and Flower, D.A. and Holden, J.R. and Lau, G.K. and Livesey, N.J. and Manney, G.L. and Pumphrey, H.C. and Santee, M.L. and Wu, D.L. and Cuddy, D.T. and Lay, R.R. and Loo, M.S. and Perun, V.S. and Schwartz, M.J. and Stek, P.C. and Thurstans, R.P. and Boyles, M.A. and Chandra, K.M. and Chavez, M.C. and {Gun-Shing Chen} and Chudasama, B.V. and Dodge, R. and Fuller, R.A. and Girard, M.A. and Jiang, J.H. and {Yibo Jiang} and Knosp, B.W. and LaBelle, R.C. and Lam, J.C. and Lee, K.A. and Miller, D. and Oswald, J.E. and Patel, N.C. and Pukala, D.M. and Quintero, O. and Scaff, D.M. and Van Snyder, W. and Tope, M.C. and Wagner, P.A. and Walch, M.J.},
  year = {2006},
  month = may,
  journal = {IEEE Transactions on Geoscience and Remote Sensing},
  volume = {44},
  number = {5},
  pages = {1075--1092},
  issn = {0196-2892},
  doi = {10.1109/TGRS.2006.873771},
  url = {http://ieeexplore.ieee.org/document/1624589/},
  urldate = {2022-02-24},
  keywords = {figp-paper1}
}

@inproceedings{wipf2007,
  title = {A New View of Automatic Relevance Determination},
  booktitle = {Advances in Neural Information Processing Systems},
  author = {Wipf, David and Nagarajan, Srikantan},
  editor = {Platt, J. and Koller, D. and Singer, Y. and Roweis, S.},
  year = {2007},
  volume = {20},
  publisher = {{Curran Associates, Inc.}},
  url = {https://proceedings.neurips.cc/paper/2007/file/9c01802ddb981e6bcfbec0f0516b8e35-Paper.pdf},
  keywords = {figp-paper1}
}


